
@article{AkioShimada:2014-12-02,
author="Akio Shimada and Atsushi Hori and Yutaka Ishikawa and Pavan Balaji",
title="{User-level Process towards Exascale Systems}",
journal="IPSJ SIGARC",
ISSN="",
publisher="IPSJ",
year="2014",
month="dec",
volume="2014",
number="22",
pages="1-7",
URL="http://ci.nii.ac.jp/naid/110009850784/",
DOI=""
}

@inproceedings{Takagi:2015:ATS:2831129.2831132,
 author = {Takagi, Masamichi and Yamaguchi, Norio and Gerofi, Balazs and Hori, Atsushi and Ishikawa, Yutaka},
 title = {Adaptive Transport Service Selection for MPI with InfiniBand Network},
 booktitle = {Proceedings of the 3rd Workshop on Exascale MPI},
 series = {ExaMPI '15},
 year = {2015},
 isbn = {978-1-4503-3998-8},
 location = {Austin, Texas},
 pages = {3:1--3:10},
 articleno = {3},
 numpages = {10},
 url = {http://doi.acm.org/10.1145/2831129.2831132},
 doi = {10.1145/2831129.2831132},
 acmid = {2831132},
 publisher = {ACM},
 address = {New York, NY, USA},
} 

@inproceedings{Hori-EuroMPI2015,
 author = {Hori, Atsushi and Yoshinaga, Kazumi and Herault, Thomas and Bouteiller, Aur{\'e}lien and Bosilca, George and Ishikawa, Yutaka},
 title = {Sliding Substitution of Failed Nodes},
 booktitle = {Proceedings of the 22Nd European MPI Users' Group Meeting},
 series = {EuroMPI '15},
 year = {2015},
 isbn = {978-1-4503-3795-3},
 location = {Bordeaux, France},
 pages = {14:1--14:10},
 articleno = {14},
 numpages = {10},
 url = {http://doi.acm.org/10.1145/2802658.2802670},
 doi = {10.1145/2802658.2802670},
 acmid = {2802670},
 publisher = {ACM},
 address = {New York, NY, USA},
 keywords = {CREST Project},
}

@incollection{,
year={2012},
isbn={978-3-642-33517-4},
booktitle={Recent Advances in the Message Passing Interface},
volume={7490},
series={Lecture Notes in Computer Science},
editor={Tr√§ff, Jesper Larsson and Benkner, Siegfried and Dongarra, JackJ.},
doi={10.1007/978-3-642-33518-1_20},
title={An Efficient Kernel-Level Blocking MPI Implementation},
url={http://dx.doi.org/10.1007/978-3-642-33518-1_20},
publisher={Springer Berlin Heidelberg},
author={Hori, Atsushi and Kameyama, Toyohisa and Tsujita, Yuichi and Namiki, Mitaro and Ishikawa, Yutaka},
pages={153-162},
   keywords  = {CREST Project}
}

@INPROCEEDINGS{6496025,
author={Yamamoto, Keiji and Hori, Atsushi and Ishikawa, Yutaka},
booktitle={High Performance Computing, Networking, Storage and Analysis (SCC), 2012 SC Companion:},
title={Poster: Distributed Metadata Management for Exascale Parallel File System},
year={2012},
month={Nov},
pages={1438-1438},
doi={10.1109/SC.Companion.2012.242},
   keywords	 = {CREST Project}
}

@INPROCEEDINGS{6495965,
author={Gerofi, B. and Hori, A. and Shimada, A. and Ishikawa, Y.},
booktitle={High Performance Computing, Networking, Storage and Analysis (SCC), 2012 SC Companion:},
title={Poster: Toward Operating System Assisted Hierarchical Memory Management for Heterogeneous Architectures},
year={2012},
month={Nov},
pages={1352-1352},
keywords={coprocessors;operating systems (computers);parallel processing;peripheral interfaces;storage management;Intel MIC architecture;Intel many integrated core architecture;MMU;PCI DMA operation;PCI card;address mapping;coprocessor;heterogeneous architecture;hierarchical memory management;memory management unit;operating system;parallel workload processing;peripheral component interconnect;coprocessor;manycore;memory management;operating systems},
doi={10.1109/SC.Companion.2012.182},
   keywords	 = {CREST Project}
}

@INPROCEEDINGS{6337830,
author={Gerofi, B. and Hori, A. and Ishikawa, Y.},
booktitle={Cluster Computing (CLUSTER), 2012 IEEE International Conference on},
title={clone_n(): Parallel Thread Creation for Upcoming Many-Core Architectures},
year={2012},
month={Sept},
pages={592-596},
keywords={application program interfaces;graphics processing units;multiprocessing systems;operating systems (computers);parallel architectures;processor scheduling;Intel many integrated core;NVIDIA GPU;OS API;clone_n();heterogeneous architectures;many-core architectures;multicore processor;operating system;parallel thread creation;parallel workloads;parallelism control;power-efficient cores;single-thread performance;software thread creation;software thread scheduling;system call;Cloning;Instruction sets;Kernel;Message systems;Multicore processing;coprocessor;manycore;operating systems;threading},
doi={10.1109/CLUSTER.2012.85},
   keywords	 = {CREST Project}
}

@InProceedings{tsujita:isc2015,
  author = 	 {Yuichi Tsuita and Atsushi Hori and Yutaka Ishikawa},
  title = 	 {Striping Layout Aware Data Aggregation for High Performance {I/O}
                  on a Lustre File System},
  booktitle = {High Performance Computing, 30th International Conference, ISC High Performance 2015,
               Frankfurt, Germany, July 12-16, 2015, Proceedings},
  pages = 	 {282-290},
  year = 	 {2015},
  editor = 	 {Julian M. Kunkel and Thomas Ludwig},
  volume = 	 {9137},
  series = 	 {Lecture Notes in Computer Science},
  publisher = {Springer},
   keywords  = {AICS}
}

@inproceedings{shimosawa2014,
author = {T. Shimosawa and B. Gerofi and M. Takagi and T. Shirasawa and M. Shimizu and A. Hori and Y. Ishikawa},
title = "{Interface for Heterogeneous Kernels: A Framework to Enable Hybrid OS Designs Tergeting High Performance Computing}",
booktitle = {IEEE International Conference on High Performance Computing (HiPC)},
location = {Goa, India},
year = {2014},
publisher = {IEEE},
   keywords  = {CREST Project}
}

@inproceedings{Sato:2014:DMP:2642769.2642795,
 author = {Sato, Mikiko and Fukazawa, Go and Shimada, Akio and Hori, Atsushi and Ishikawa, Yutaka and Namiki, Mitaro},
 title = {Design of Multiple PVAS on InfiniBand Cluster System Consisting of Many-core and Multi-core},
 booktitle = {Proceedings of the 21st European MPI Users' Group Meeting},
 series = {EuroMPI/ASIA '14},
 year = {2014},
 isbn = {978-1-4503-2875-3},
 location = {Kyoto, Japan},
 pages = {133:133--133:138},
 articleno = {133},
 numpages = {6},
 url = {http://doi.acm.org/10.1145/2642769.2642795},
 doi = {10.1145/2642769.2642795},
 acmid = {2642795},
 publisher = {ACM},
 address = {New York, NY, USA},
 keywords = {MPI communication, Xeon Phi, many-core, memory management, system software, CREST project}
}

@inproceedings{Shimada:2014:ECC:2642769.2642790,
 author = {Shimada, Akio and Hori, Atsushi and Ishikawa, Yutaka},
 title = "{Eliminating Costs for Crossing Process Boundary from MPI Intra-node Communication}",
 booktitle = {Proceedings of the 21st European MPI Users' Group Meeting},
 series = {EuroMPI/ASIA '14},
 year = {2014},
 isbn = {978-1-4503-2875-3},
 location = {Kyoto, Japan},
 pages = {119:119--119:120},
 articleno = {119},
 numpages = {2},
 url = {http://doi.acm.org/10.1145/2642769.2642790},
 doi = {10.1145/2642769.2642790},
 acmid = {2642790},
 publisher = {ACM},
 address = {New York, NY, USA},
 keywords = {Address space boundary, Intra-node communication, MPI, Many-core architecture, New task model, CREST Project},
}

@inproceedings{SHIMADA:PGAS12,
author = {Akio Shimada and Balazs Gerofi and Atsushi Hori and Yutaka Ishikawa},
title = {PGAS Intra-node Communication towards Many-Core Architecture},
booktitle = {In PGAS 2012: 6th Conference on Partitioned Global Address Space Programing Model},
series = {PGAS'12},
year = {2012},
location = {Santa Barbara, California, USA},
   keywords  = {CREST Project}
}

@inproceedings{Gerofi:2014:CNP:2600212.2600231,
 author = {Gerofi, Balazs and Shimada, Akio and Hori, Atsushi and Masamichi, Takagi and Ishikawa, Yutaka},
 title = {CMCP: A Novel Page Replacement Policy for System Level Hierarchical Memory Management on Many-cores},
 booktitle = {Proceedings of the 23rd International Symposium on High-performance Parallel and Distributed Computing},
 series = {HPDC '14},
 year = {2014},
 isbn = {978-1-4503-2749-7},
 location = {Vancouver, BC, Canada},
 pages = {73--84},
 numpages = {12},
 url = {http://doi.acm.org/10.1145/2600212.2600231},
 doi = {10.1145/2600212.2600231},
 acmid = {2600231},
 publisher = {ACM},
 address = {New York, NY, USA},
 keywords = {manycore, page replacement, xeon phi, CREST Project},
}

@inproceedings{Hori:2014:DAA:2642769.2642801,
 author = {Hori, Atsushi and Yoshinaga, Kazumi and Tokuhisa, Atsushi and Joti, Yasumasa and Okada, Kensuke and Sugimoto, Takashi and Yamaga, Mitsuhiro and Hatsui, Takaki and Yabashi, Makina and Sugita, Yuji and Ishikawa, Yutaka and Go, Nobuhiro},
 title = {Decoupling Architecture for All-to-all Computation},
 booktitle = {Proceedings of the 21st European MPI Users' Group Meeting},
 series = {EuroMPI/ASIA '14},
 year = {2014},
 isbn = {978-1-4503-2875-3},
 location = {Kyoto, Japan},
 pages = {169:169--169:174},
 articleno = {169},
 numpages = {6},
 url = {http://doi.acm.org/10.1145/2642769.2642801},
 doi = {10.1145/2642769.2642801},
 acmid = {2642801},
 publisher = {ACM},
 address = {New York, NY, USA},
 keywords = {Big Data, MPI, X-Ray Free Electron Laser, AICS},
}

@InProceedings{hpcs2014,
  author = 	 {Yuichi Tsujita and Atsushi Hori and Yutaka Ishikawa},
  title = 	 {Affinity-Aware Optimization of Multithreaded Two-Phase {I/O}
for High Throughput Collective I/O},
  OPTcrossref =  {},
  OPTkey = 	 {},
  booktitle = {Proceedings of International Conference on High Performance Computing
  {\&} Simulation, HPCS 2014, Bologna, Italy, July 21-25, 2014},
  pages = 	 {210-217},
  year = 	 {2014},
  publisher = {IEEE},
  OPTnote = 	 {},
  OPTannote = 	 {},
   keywords  = {CREST Project}
}

@InProceedings{PDP2014,
  author = 	 {Yuichi Tsujita and Kazumi Yoshinaga and Atsushi Hori
and Mikiko Sato and Mitaro Namiki and Yutaka Ishikawa},
  title = 	 {Multithreaded Two-Phase {I/O}:
Improving Collective {MPI-IO} Performance on a {Lustre} File System},
  booktitle = {Proceedings of PDP2014, Turin, February 12-14, 2014},
  pages = 	 {232-235},
  year = 	 {2014},
  month = 	 {Feb},
  publisher = {IEEE CS},
 keywords = {CREST Project}
}

@incollection{eurompi2012-ishikawa,
year={2012},
isbn={978-3-642-33517-4},
booktitle={Recent Advances in the Message Passing Interface},
volume={7490},
series={Lecture Notes in Computer Science},
editor={Tr√§ff, JesperLarsson and Benkner, Siegfried and Dongarra, JackJ.},
doi={10.1007/978-3-642-33518-1_39},
title={Revisiting Persistent Communication in MPI},
url={http://dx.doi.org/10.1007/978-3-642-33518-1_39},
publisher={Springer Berlin Heidelberg},
author={Ishikawa, Yutaka and Nakajima, Kengo and Hori, Atsushi},
pages={296-297},
 keywords = {AICS}
}

@article{Tokuhisa:ys5079,
author = "Tokuhisa, Atsushi and Arai, Junya and Joti, Yasumasa and Ohno, Yoshiyuki and Kameyama, Toyohisa and Yamamoto, Keiji and Hatanaka, Masayuki and Gerofi, Balazs and Shimada, Akio and Kurokawa, Motoyoshi and Shoji, Fumiyoshi and Okada, Kensuke and Sugimoto, Takashi and Yamaga, Mitsuhiro and Tanaka, Ryotaro and Yokokawa, Mitsuo and Hori, Atsushi and Ishikawa, Yutaka and Hatsui, Takaki and Go, Nobuhiro",
title = "{High-speed classification of coherent X-ray diffraction~patterns on the K computer for high-resolution single biomolecule imaging}",
journal = "Journal of Synchrotron Radiation",
year = "2013",
volume = "20",
number = "6",
pages = "899--904",
month = "Nov",
doi = {10.1107/S0909049513022152},
url = {http://dx.doi.org/10.1107/S0909049513022152},
 keywords = {AICS}
}

@inproceedings{mikiko:2013,
author="M. Sato and G. Fukazawa and K. Yoshinaga and Y. Tsujita and A. Hori and M. Namiki",
title={A Hybrid Operating System for a Computing Node with Multi-Core and Many-Core Processors},
booktitle={International Journal Advanced mputer Science (IJACSci)},
volume="3",
number="7",
pages={368--377},
month={July},
year={2013},
 keywords = {CREST Project}
}

@inproceedings{Hatanaka:2013:OMP:2488551.2488566,
author = {Hatanaka, Masayuki and Hori, Atsushi and Ishikawa, Yutaka},
title = {Optimization of MPI Persistent Communication},
booktitle = {Proceedings of the 20th European MPI Users' Group Meeting},
series = {EuroMPI '13},
year = {2013},
isbn = {978-1-4503-1903-4},
location = {Madrid, Spain},
pages = {79--84},
numpages = {6},
url = {http://doi.acm.org/10.1145/2488551.2488566},
doi = {10.1145/2488551.2488566},
acmid = {2488566},
publisher = {ACM},
address = {New York, NY, USA},
keywords = {MPI, RDMA, persistent communication, AICS},
}

@misc{bdec2014,
 author = {A. Hori and  A. Tokuhisa and K. Yoshinaga and T. Kameyama and K. Okada  J. Arai and T. Sugimoto and M. Yamaga and R. Tanaka and Y. Joti and T. Hatsui and M. Yabashi and Y. Sugita and Y. Ishikawa and N. Go},
 title = "{SACLA and the K Computer}",
 year = {2014},
 howpublished = "{White Paper presented in BDEC Fukuoka, JAPAN}",
 keywords = {AICS}
}

@incollection{
year={2014},
isbn={978-3-642-55223-6},
booktitle={Parallel Processing and Applied Mathematics},
volume={8384},
series={Lecture Notes in Computer Science},
editor={Wyrzykowski, Roman and Dongarra, Jack and Karczewski, Konrad and Wa≈õniewski, Jerzy},
doi={10.1007/978-3-642-55224-3_67},
title={Improving Parallel I/O Performance Using Multithreaded Two-Phase I/O with Processor Affinity Management},
url={http://dx.doi.org/10.1007/978-3-642-55224-3_67},
publisher={Springer Berlin Heidelberg},
keywords={MPI-IO; HDF5; Two-phase I/O; Multithreaded I/O; Processor affinity management},
author={Tsujita, Yuichi and Yoshinaga, Kazumi and Hori, Atsushi and Sato, Mikiko and Namiki, Mitaro and Ishikawa, Yutaka},
pages={714-723},
language={English},
   keywords  = {CREST Project}
}

@inproceedings{Shimada:2013:PNT:2489068.2489075,
 author = {Shimada, Akio and Gerofi, Balazs and Hori, Atsushi and Ishikawa, Yutaka},
 title = {Proposing a new task model towards many-core architecture},
 booktitle = {Proceedings of the First International Workshop on Many-core Embedded Systems},
 series = {MES '13},
 year = {2013},
 isbn = {978-1-4503-2063-4},
 location = {Tel-Aviv, Israel},
 pages = {45--48},
 numpages = {4},
 url = {http://doi.acm.org/10.1145/2489068.2489075},
 doi = {10.1145/2489068.2489075},
 acmid = {2489075},
 publisher = {ACM},
 address = {New York, NY, USA},
 keywords = {CREST Project}
}

@inproceedings{DBLP:conf/ccgrid/GerofiSHI13,
  author    = {Balazs Gerofi and
               Akio Shimada and
               Atsushi Hori and
               Yutaka Ishikawa},
  title     = {Partially Separated Page Tables for Efficient Operating
               System Assisted Hierarchical Memory Management on Heterogeneous
               Architectures},
  booktitle = {CCGRID},
  year      = {2013},
  pages     = {360-368},
  ee        = {http://doi.ieeecomputersociety.org/10.1109/CCGrid.2013.59},
  crossref  = {DBLP:conf/ccgrid/2013},
  bibsource = {DBLP, http://dblp.uni-trier.de},
 keywords = {CREST Project}
}

@inproceedings{Sato:2012:DHO:2318916.2318927,
 author = {Sato, Mikiko and Fukazawa, Go and Nagamine, Kiyohiko and Sakamoto, Ryuichi and Namiki, Mitaro and Yoshinaga, Kazumi and Tsujita, Yuichi and Hori, Atsushi and Ishikawa, Yutaka},
 title = {A design of hybrid operating system for a parallel computer with multi-core and many-core processors},
 booktitle = {Proceedings of the 2nd International Workshop on Runtime and Operating Systems for Supercomputers},
 series = {ROSS '12},
 year = {2012},
 isbn = {978-1-4503-1460-2},
 location = {Venice, Italy},
 pages = {9:1--9:8},
 articleno = {9},
 numpages = {8},
 url = {http://doi.acm.org/10.1145/2318916.2318927},
 doi = {10.1145/2318916.2318927},
 acmid = {2318927},
 publisher = {ACM},
 address = {New York, NY, USA},
 keywords = {CREST Project}
}

@inproceedings{Yoshinaga:2013:DMM:2497369.2497589,
 author = {Yoshinaga, Kazumi and Tsujita, Yuichi and Hori, Atsushi and Sato, Mikiko and Namiki, Mitaro and Ishikawa, Yutaka},
 title = {A Delegation Mechanism on Many-Core Oriented Hybrid Parallel Computers for Scalability of Communicators and Communications in MPI},
 booktitle = {Proceedings of the 2013 21st Euromicro International Conference on Parallel, Distributed, and Network-Based Processing},
 series = {PDP '13},
 year = {2013},
 isbn = {978-0-7695-4939-2},
 pages = {249--253},
 numpages = {5},
 url = {http://dx.doi.org/10.1109/PDP.2013.43},
 doi = {10.1109/PDP.2013.43},
 acmid = {2497589},
 publisher = {IEEE Computer Society},
 address = {Washington, DC, USA},
 keywords = {CREST Project}
}

@incollection{
year={2012},
isbn={978-3-642-33517-4},
booktitle={Recent Advances in the Message Passing Interface},
volume={7490},
series={Lecture Notes in Computer Science},
editor={Tr√§ff, JesperLarsson and Benkner, Siegfried and Dongarra, JackJ.},
doi={10.1007/978-3-642-33518-1_10},
title={Delegation-Based MPI Communications for a Hybrid Parallel Computer with Many-Core Architecture},
url={http://dx.doi.org/10.1007/978-3-642-33518-1_10},
publisher={Springer Berlin Heidelberg},
 keywords = {CREST Project},
author={Yoshinaga, Kazumi and Tsujita, Yuichi and Hori, Atsushi and Sato, Mikiko and Namiki, Mitaro and Ishikawa, Yutaka},
pages={47-56}
}

@inproceedings{ohnofile,
title={File Composition Technique to Improve the Performance of Accessing a Number of Small Files},
author={Ohno, Yoshiyuki and Hori, Atsushi and Ishikawa, Yutaka},
booktitle = {Proceedings of the International Conference on Parallel and Distributed Processing Techniques and Applications},
volume = {I},
pages = {395-400},
year = {2012},
keywords = {CREST Project}
}

@inproceedings{Hori:2011:PMF:2148600.2148613,
 author = {Hori, Atsushi and Ishikawa, Yutaka},
 title = {Poster: MINT: a fast and green synchronization technique},
 booktitle = {Proceedings of the 2011 companion on High Performance Computing Networking, Storage and Analysis Companion},
 series = {SC '11 Companion},
 year = {2011},
 isbn = {978-1-4503-1030-7},
 location = {Seattle, Washington, USA},
 pages = {23--24},
 numpages = {2},
 url = {http://doi.acm.org/10.1145/2148600.2148613},
 doi = {10.1145/2148600.2148613},
 acmid = {2148613},
 publisher = {ACM},
 address = {New York, NY, USA},
 keywords = {CREST Project}
}

@article{Hori2012,
title = "Audit: A new synchronization API for the GET/PUT protocol",
journal = "Journal of Parallel and Distributed Computing",
volume = "",
number = "0",
pages = " - ",
year = "2012",
issn = "0743-7315",
doi = "10.1016/j.jpdc.2012.01.019",
url = "http://www.sciencedirect.com/science/article/pii/S0743731512000317",
author = "Atsushi Hori and Jinpil Lee and Mitsuhisa Sato",
   keywords  = {AICS}
}

@inproceedings{Hori-audit,
author = {Atsushi Hori and Jinpil Lee and Mitsuhisa Sato},
title = "{Audit: New Synchronization for the GET/PUT Protocol}",
booktitle = {The 1st Workshop on Communication Architecture for Scalable Systems},
year = {2011},
month = {May},
keywords = {eScience Project}
}

@inproceedings{DBLP:conf/cluster/HoriKMOYSI09,
  author    = {Atsushi Hori and
               Yoshikazu Kamoshida and
               Hiroya Matsuba and
               Kazuki Ohta and
               Takashi Yasui and
               Shinji Sumimoto and
               Yutaka Ishikawa},
  title     = {On-demand file staging system for Linux clusters},
  booktitle = {CLUSTER},
  year      = {2009},
  pages     = {1-10},
  ee        = {http://dx.doi.org/10.1109/CLUSTR.2009.5289189},
  crossref  = {DBLP:conf/cluster/2009},
  bibsource = {DBLP, http://dblp.uni-trier.de},
  keywords  = {eScience Project}
}

@inproceedings{Hori:2011:CCM:2117686.2118434,
 author = {Atsushi Hori and Keiji Yamamoto and Yutaka Ishikawa},
 title = {Catwalk-ROMIO: A Cost-Effective MPI-IO},
 booktitle = {Proceedings of the 2011 IEEE 17th International Conference on Parallel and Distributed Systems},
 series = {ICPADS '11},
 year = {2011},
 isbn = {978-0-7695-4576-9},
 pages = {120--126},
 numpages = {7},
 url = {http://dx.doi.org/10.1109/ICPADS.2011.40},
 doi = {10.1109/ICPADS.2011.40},
 acmid = {2118434},
 publisher = {IEEE Computer Society},
 address = {Washington, DC, USA},
 keywords  = {eScience Project}
}

@inproceedings{DBLP:conf/pvm/SumimotoNNKYKMHI09,
  author    = {Shinji Sumimoto and
               Kohta Nakashima and
               Akira Naruse and
               Kouichi Kumon and
               Takashi Yasui and
               Yoshikazu Kamoshida and
               Hiroya Matsuba and
               Atsushi Hori and
               Yutaka Ishikawa},
  title     = {The Design of Seamless MPI Computing Environment for Commodity-Based
               Clusters},
  booktitle = {PVM/MPI},
  year      = {2009},
  pages     = {9-19},
  ee        = {http://dx.doi.org/10.1007/978-3-642-03770-2_8},
  crossref  = {DBLP:conf/pvm/2009},
  bibsource = {DBLP, http://dblp.uni-trier.de},
   keywords  = {eScience Project}
}

@inproceedings{Sumimoto:2009:DSM:1612208.1612219,
 author = {Sumimoto, Shinji and Nakashima, Kohta and Naruse, Akira and Kumon, Kouichi and Yasui, Takashi and Kamoshida, Yoshikazu and Matsuba, Hiroya and Hori, Atsushi and Ishikawa, Yutaka},
 title = {The Design of Seamless MPI Computing Environment for Commodity-Based Clusters},
 booktitle = {Proceedings of the 16th European PVM/MPI Users' Group Meeting on Recent Advances in Parallel Virtual Machine and Message Passing Interface},
 year = {2009},
 isbn = {978-3-642-03769-6},
 location = {Espoo, Finland},
 pages = {9--19},
 numpages = {11},
 url = {http://dx.doi.org/10.1007/978-3-642-03770-2_8},
 doi = {10.1007/978-3-642-03770-2_8},
 acmid = {1612219},
 publisher = {Springer-Verlag},
 address = {Berlin, Heidelberg},
   keywords  = {eScience Project}
}

@inproceedings{tezuka:96,
  author = "Hiroshi Tezuka and Atsushi Hori and Yutaka Ishikawa",
  title = "Pm: a highperformance communication library for multi-user parallel environments",
  booktitle = "Usenix'97",
  year = "1997",
  url = "citeseer.nj.nec.com/tezuka96pm.html" }

@manual{ pmx,
author = "{Atsushi Hori}",
   title     = "{PMX Specification --DRAFT--}",
   note = "http://www.pccluster.org/score_doc/score-7.0.2/pdf/PMX-spec.pdf",
   organization = "Allinea Software",
   year = "2009",
   keywords  = {Allinea Software}
}

@inproceedings{Hori:1998:HEG:509058.509100,
 author = {Atsushi Hori and Hiroshi Tezuka and Yutaka Ishikawa},
 title = {Highly efficient gang scheduling implementation},
 booktitle = {Proceedings of the 1998 ACM/IEEE conference on Supercomputing (CDROM)},
 series = {Supercomputing '98},
 year = {1998},
 isbn = {0-89791-984-X},
 location = {San Jose, CA},
 pages = {1--14},
 numpages = {14},
 url = {http://dl.acm.org/citation.cfm?id=509058.509100},
 acmid = {509100},
 publisher = {IEEE Computer Society},
 address = {Washington, DC, USA},
 keywords  = {RWCP Project}
}

@inproceedings{1998:PCV:876880.879528,
  author    = {Hiroshi Tezuka and Francis O'Carroll and Atsushi Hori and Yutaka Ishikawa},
 title = {Pin-down Cache: A Virtual Memory Management Technique for Zero-copy Communication},
 booktitle = {Proceedings of the 12th. International Parallel Processing Symposium on International Parallel Processing Symposium},
 series = {IPPS '98},
 year = {1998},
 pages = {308--},
 url = {http://dl.acm.org/citation.cfm?id=876880.879528},
 acmid = {879528},
 publisher = {IEEE Computer Society},
 address = {Washington, DC, USA},
   keywords  = {RWCP Project}
}

@inproceedings{PM,
 author = {Hiroshi Tezuka and Atsushi Hori and Yutaka Ishikawa and Mitsuhisa Sato},
 title = {PM: An Operating System Coordinated High Performance Communication Library},
 booktitle = {Proceedings of the International Conference and Exhibition on High-Performance Computing and Networking},
 series = {HPCN Europe '97},
 year = {1997},
 isbn = {3-540-62898-3},
 pages = {708--717},
 numpages = {10},
 url = {http://dl.acm.org/citation.cfm?id=645561.658906},
 acmid = {658906},
 publisher = {Springer-Verlag},
 address = {London, UK},
   keywords  = {RWCP Project}
}

@inproceedings{DBLP:conf/cluster/Hori01,
  author    = {Atsushi Hori},
  title     = {SCore: An Integrated Cluster System Software Package for
               High Performance Cluster Computing},
  booktitle = {CLUSTER},
  year      = {2001},
  pages     = {449-},
  ee        = {http://csdl.computer.org/comp/proceedings/cluster/2001/1116/00/11160449.pdf},
  crossref  = {DBLP:conf/cluster/2001},
  bibsource = {DBLP, http://dblp.uni-trier.de},
   keywords  = {RWCP Project}
}

@inproceedings{DBLP:conf/cluster/NishiokaHI00,
  author    = {Toshihiro Nishioka and
               Atsushi Hori and
               Yutaka Ishikawa},
  title     = {Consistent Checkpointing for High Performance Clusters},
  booktitle = {CLUSTER},
  year      = {2000},
  pages     = {367-368},
  ee        = {http://doi.ieeecomputersociety.org/10.1109/CLUSTER.2000.10004},
  crossref  = {DBLP:conf/cluster/2000},
  bibsource = {DBLP, http://dblp.uni-trier.de},
   keywords  = {RWCP Project}
}

@inproceedings{DBLP:conf/hpdc/SumimotoTHHTI00,
  author    = {Shinji Sumimoto and
               Hiroshi Tezuka and
               Atsushi Hori and
               Hiroshi Harada and
               Toshiyuki Takahashi and
               Yutaka Ishikawa},
  title     = {High Performance Communication using a Commodity Network
               for Cluster Systems},
  booktitle = {HPDC},
  year      = {2000},
  pages     = {139-146},
  ee        = {http://computer.org/proceedings/hpdc/0783/07830139abs.htm},
  bibsource = {DBLP, http://dblp.uni-trier.de},
   keywords  = {RWCP Project}
}

@article{DBLP:journals/ngc/SumiotoTHHTI00,
  author    = {Shinji Sumioto and
               Hiroshi Tezuka and
               Atsushi Hori and
               Hiroshi Harada and
               Toshiyuki Takahashi and
               Yutaka Ishikawa},
  title     = {GigaE PM: a High Performance Communication Facility using
               a Gigabit Ethernet},
  journal   = {New Generation Comput.},
  volume    = {18},
  number    = {2},
  year      = {2000},
  pages     = {177-186},
  ee        = {http://dx.doi.org/10.1007/BF03037596},
  bibsource = {DBLP, http://dblp.uni-trier.de},
   keywords  = {RWCP Project}
}

@inproceedings{DBLP:conf/sc/TakahashiSHHI00,
  author    = {Toshiyuki Takahashi and
               Shinji Sumimoto and
               Atsushi Hori and
               Hiroshi Harada and
               Yutaka Ishikawa},
  title     = {PM2: A High Performance Communication Middleware for Heterogeneous
               Network Environments},
  booktitle = {SC},
  year      = {2000},
  ee        = {http://www.supercomp.org/sc2000/Proceedings/techpapr/papers/pap205.pdf},
  bibsource = {DBLP, http://dblp.uni-trier.de},
   keywords  = {RWCP Project}
}

@inproceedings{DBLP:conf/hcw/IshikawaHTSTH99,
  author    = {Yutaka Ishikawa and
               Atsushi Hori and
               Hiroshi Tezuka and
               Shinji Sumimoto and
               Toshiyuki Takahashi and
               Hiroshi Harada},
  title     = {Parallel C++ Programming System on Cluster of Heterogeneous
               Computers},
  booktitle = {Heterogeneous Computing Workshop},
  year      = {1999},
  pages     = {73-82},
  ee        = {http://computer.org/proceedings/hcw/0107/01070073abs.htm},
  bibsource = {DBLP, http://dblp.uni-trier.de},
   keywords  = {RWCP Project}
}

@inproceedings{DBLP:conf/ipps/TakahashiOTHSHIB99,
  author    = {Toshiyuki Takahashi and
               Francis O'Carroll and
               Hiroshi Tezuka and
               Atsushi Hori and
               Shinji Sumimoto and
               Hiroshi Harada and
               Yutaka Ishikawa and
               Peter H. Beckman},
  title     = "{Implementation and Evaluation of MPI on an SMP Cluster}",
  booktitle = {IPPS/SPDP Workshops},
  year      = {1999},
  pages     = {1178-1192},
  ee        = {http://dx.doi.org/10.1007/BFb0098001},
  bibsource = {DBLP, http://dblp.uni-trier.de},
   keywords  = {RWCP Project}
}

@inproceedings{DBLP:conf/ics/SumimotoTHHTI99,
  author    = {Shinji Sumimoto and
               Hiroshi Tezuka and
               Atsushi Hori and
               Hiroshi Harada and
               Toshiyuki Takahashi and
               Yutaka Ishikawa},
  title     = {The design and evaluation of high performance communication
               using a Gigabit Ethernet},
  booktitle = {International Conference on Supercomputing},
  year      = {1999},
  pages     = {260-267},
  ee        = {http://doi.acm.org/10.1145/305138.305202},
  bibsource = {DBLP, http://dblp.uni-trier.de},
   keywords  = {RWCP Project}
}

@inproceedings{DBLP:conf/ics/OCarrollTHI98,
  author    = {Francis O'Carroll and
               Hiroshi Tezuka and
               Atsushi Hori and
               Yutaka Ishikawa},
  title     = {The Design and Implementation of Zero Copy MPI Using Commodity
               Hardware with a High Performance Network},
  booktitle = {International Conference on Supercomputing},
  year      = {1998},
  pages     = {243-250},
  ee        = {http://doi.acm.org/10.1145/277830.277883},
  bibsource = {DBLP, http://dblp.uni-trier.de},
   keywords  = {RWCP Project}
}

@inproceedings{DBLP:conf/jsspp/HoriTI97,
  author    = {Atsushi Hori and
               Hiroshi Tezuka and
               Yutaka Ishikawa},
  title     = {Global State Detection Using Network Preemption},
  booktitle = {JSSPP},
  year      = {1997},
  pages     = {262-276},
  ee        = {http://dx.doi.org/10.1007/3-540-63574-2_25},
  crossref  = {DBLP:conf/jsspp/1997},
  bibsource = {DBLP, http://dblp.uni-trier.de},
   keywords  = {RWCP Project}
}

@inproceedings{DBLP:conf/parco/KubotaTMSTHI97,
  author    = {Kazuto Kubota and
               Yoshio Tanaka and
               Motohiko Matsuda and
               Mitsuhisa Sato and
               Hiroshi Tezuka and
               Atsushi Hori and
               Yutaka Ishikawa},
  title     = {Communication Performance of Gigabit LAN Workstation Cluster
               RWC/WSC},
  booktitle = {PARCO},
  year      = {1997},
  pages     = {441-444},
  bibsource = {DBLP, http://dblp.uni-trier.de},
   keywords  = {RWCP Project}
}

@inproceedings{DBLP:conf/europar/KonakaITMIH96,
  author    = {Hiroki Konaka and
               Yoshiaki Itoh and
               Takashi Tomokiyo and
               Munenori Maeda and
               Yutaka Ishikawa and
               Atsushi Hori},
  title     = {Adaptive Data Parallel Computation in the Parallel Object-Oriented Language {\it OCore}},
  booktitle = {Euro-Par, Vol. I},
  year      = {1996},
  pages     = {587-596},
  ee        = {http://dx.doi.org/10.1007/3-540-61626-8_79},
  crossref  = {DBLP:conf/europar/1996-1},
  bibsource = {DBLP, http://dblp.uni-trier.de},
   keywords  = {RWCP Project}
}

@inproceedings{DBLP:conf/isotas/NolteKHIMT96,
  author    = {J{\"o}rg Nolte and
               Hiroki Konaka and
               Atsushi Hori and
               Yutaka Ishikawa and
               Munenori Maeda and
               Takashi Tomokiyo},
  title     = {Ocore and VAST- Integrating Persistence into a Parallel
               Object-Oriented Language},
  booktitle = {ISOTAS},
  year      = {1996},
  pages     = {260-274},
  ee        = {http://dx.doi.org/10.1007/3-540-60954-7_55},
  crossref  = {DBLP:conf/isotas/1996},
  bibsource = {DBLP, http://dblp.uni-trier.de},
   keywords  = {RWCP Project}
}

@inproceedings{DBLP:conf/jsspp/HoriTISKM96,
  author    = {Atsushi Hori and
               Hiroshi Tezuka and
               Yutaka Ishikawa and
               Noriyuki Soda and
               Hiroki Konaka and
               Munenori Maeda},
  title     = {Implementation of Gang-Scheduling on Workstation Cluster},
  booktitle = {JSSPP},
  year      = {1996},
  pages     = {126-139},
  ee        = {http://dx.doi.org/10.1007/BFb0022291},
  crossref  = {DBLP:conf/jsspp/1996},
  bibsource = {DBLP, http://dblp.uni-trier.de},
   keywords  = {RWCP Project}
}

@inproceedings{DBLP:conf/europar/HoriINKMT95,
  author    = {Atsushi Hori and
               Yutaka Ishikawa and
               J{\"o}rg Nolte and
               Hiroki Konaka and
               Munenori Maeda and
               Takashi Tomokiyo},
  title     = {Time Space Sharing Scheduling: A Simulation Analysis},
  booktitle = {Euro-Par},
  year      = {1995},
  pages     = {623-634},
  ee        = {http://dx.doi.org/10.1007/BFb0020497},
  crossref  = {DBLP:conf/europar/1995},
  bibsource = {DBLP, http://dblp.uni-trier.de},
   keywords  = {RWCP Project}
}

@inproceedings{DBLP:conf/hicss/HoriMITK95,
  author    = {Atsushi Hori and
               Munenori Maeda and
               Yutaka Ishikawa and
               Takashi Tomokiyo and
               Hiroki Konaka},
  title     = {A scalable time-sharing scheduling for partitionable distributed
               memory parallel machines},
  booktitle = {HICSS (2)},
  year      = {1995},
  pages     = {173-182},
  ee        = {http://doi.ieeecomputersociety.org/10.1109/HICSS.1995.375465},
  bibsource = {DBLP, http://dblp.uni-trier.de},
   keywords  = {RWCP Project}
}

@inproceedings{DBLP:conf/iwmm/MaedaKITHN95,
  author    = {Munenori Maeda and
               Hiroki Konaka and
               Yutaka Ishikawa and
               Takashi Tomokiyo and
               Atsushi Hori and
               J{\"o}rg Nolte},
  title     = {On-the-fly Global Garbage Collection Based on Partly Mark-Sweep},
  booktitle = {IWMM},
  year      = {1995},
  pages     = {283-296},
  ee        = {http://dx.doi.org/10.1007/3-540-60368-9_29},
  crossref  = {DBLP:conf/iwmm/95},
  bibsource = {DBLP, http://dblp.uni-trier.de},
   keywords  = {RWCP Project}
}

@inproceedings{DBLP:conf/jsspp/HoriYISKMTNMOH95,
  author    = {Atsushi Hori and
               Takashi Yokota and
               Yutaka Ishikawa and
               Shuichi Sakai and
               Hiroki Konaka and
               Munenori Maeda and
               Takashi Tomokiyo and
               J{\"o}rg Nolte and
               Hiroshi Matsuoka and
               Kazuaki Okamoto and
               Hideo Hirono},
  title     = {Time Space Sharing Scheduling and Architectural Support},
  booktitle = {JSSPP},
  year      = {1995},
  pages     = {92-105},
  ee        = {http://dx.doi.org/10.1007/3-540-60153-8_24},
  crossref  = {DBLP:conf/jsspp/1995},
  bibsource = {DBLP, http://dblp.uni-trier.de},
   keywords  = {RWCP Project}
}

@inproceedings{DBLP:conf/obpdc/KonakaTMIH95,
  author    = {Hiroki Konaka and
               Takashi Tomokiyo and
               Munenori Maeda and
               Yutaka Ishikawa and
               Atsushi Hori},
  title     = {Data Parallel Programming in the Parallel Object-Oriented
               Language OCore},
  booktitle = {OBPDC},
  year      = {1995},
  pages     = {1-17},
  ee        = {http://dx.doi.org/10.1007/3-540-61487-7_19},
  crossref  = {DBLP:conf/obpdc/1995},
  bibsource = {DBLP, http://dblp.uni-trier.de},
   keywords  = {RWCP Project}
}

@inproceedings{DBLP:conf/psls/IshikawaHSMNTKMT95,
  author    = {Yutaka Ishikawa and
               Atsushi Hori and
               Mitsuhisa Sato and
               Motohiko Matsuda and
               J{\"o}rg Nolte and
               Hiroshi Tezuka and
               Hiroki Konaka and
               Munenori Maeda and
               Takashi Tomokiyo},
  title     = {An Overview of MPC++ - Extended Abstract},
  booktitle = {PSLS},
  year      = {1995},
  pages     = {243-249},
  crossref  = {DBLP:conf/psls/1995},
  bibsource = {DBLP, http://dblp.uni-trier.de},
   keywords  = {RWCP Project}
}

@inproceedings{DBLP:conf/eurosim/KonakaMITH94,
  author    = {Hiroki Konaka and
               Munenori Maeda and
               Yutaka Ishikawa and
               Takashi Tomokiyo and
               Atsushi Hori},
  title     = {Community in Massively Parallel Object-based Language OCore},
  booktitle = {EUROSIM},
  year      = {1994},
  pages     = {305-312},
  crossref  = {DBLP:conf/eurosim/1994},
  bibsource = {DBLP, http://dblp.uni-trier.de},
   keywords  = {RWCP Project}
}

@inproceedings{DBLP:conf/tppp/KonakaTMIH94,
  author    = {Hiroki Konaka and
               Takashi Tomokiyo and
               Munenori Maeda and
               Yutaka Ishikawa and
               Atsushi Hori},
  title     = {A Parallel Object-Oriented Language OCore},
  booktitle = {Theory and Practice of Parallel Programming},
  year      = {1994},
  pages     = {167-186},
  ee        = {http://dx.doi.org/10.1007/BFb0026569},
  crossref  = {DBLP:conf/tppp/1994},
  bibsource = {DBLP, http://dblp.uni-trier.de},
   keywords  = {RWCP Project}
}

@article{KONDOMasaaki:2003-12-01,
author="Masaaki Kondo and Takuro Hayashida and Masashi Imai and Hiroshi Nakamura and Takashi Nanya and Atsushi Hori",
title="Evaluation of Checkpointing Mechanism on Score Cluster System(Dependable Software)(<Special Issue>Dependable Computing)",
journal="IEICE transactions on information and systems",
ISSN="09168532",
publisher="The Institue of Electronics, Information and Communication Engineers (IEICE)",
year="2003",
volume="86",
number="12",
pages="2553-2562",
URL="http://ci.nii.ac.jp/naid/110003213678/",
DOI="",
   keywords  = {RWCP Project}
}

@inproceedings{Hori:1998:OAP:646379.689524,
 author = {Hori, Atsushi and Tezuka, Hiroshi and Ishikawa, Yutaka},
 title = {Overhead Analysis of Preemptive Gang Scheduling},
 booktitle = {Proceedings of the Workshop on Job Scheduling Strategies for Parallel Processing},
 series = {IPPS/SPDP '98},
 year = {1998},
 isbn = {3-540-64825-9},
 pages = {217--230},
 numpages = {14},
 url = {http://dl.acm.org/citation.cfm?id=646379.689524},
 acmid = {689524},
 publisher = {Springer-Verlag},
 address = {London, UK, UK},
   keywords  = {RWCP Project}
}

@inproceedings{ocarrol,
author = {Francis O'Carroll and Atsushi Hori and Hiroshi Tezuka and Yutaka Ishikawa and Mitsuhisa Sato},
title = "{Performance of MPI on Workstation/PC Clusters using Myrinet}",
booktitle = {Proceedings of Cluster Computing Conference '97},
year = {1997},
   keywords  = {RWCP Project}
}

@inproceedings{cluster-97,
author = {Atsushi Hori and Hiroshi Tezuka and Yutaka Ishikawa},
title = "{User-level Parallel Operating System for Clustered Commodity Computers}",
booktitle = {Proceedings of Cluster Computing Conference '97},
year = {1997},
   keywords  = {RWCP Project}
}

@inproceedings{Yokota:1995:PRM:645463.655528,
 author = {Takashi Yokota and Hiroshi Matsuoka and Kazuaski Okamoto and Hideo Hirono and Atsushi Hori and Shuichi Sakai},
 title = {A prototype router for the massively parallel computer RWC-1},
 booktitle = {Proceedings of the 1995 International Conference on Computer Design: VLSI in Computers and Processors},
 series = {ICCD '95},
 year = {1995},
 isbn = {0-8186-7165-3},
 pages = {279--},
 url = {http://dl.acm.org/citation.cfm?id=645463.655528},
 acmid = {655528},
 publisher = {IEEE Computer Society},
 address = {Washington, DC, USA},
   keywords  = {RWCP Project}
}

@inproceedings{Maeda:1995:OGG:645647.664811,
 author = {Munenori Maeda and Hiroki Konaka and Yutaka Ishikawa and Takashi Tomokiyo and Atsushi Hori and J{\"o}rg Nolte},
 title = {On-the-fly Global Garbage Collection Based on Partly Mark-Sweep},
 booktitle = {Proceedings of the International Workshop on Memory Management},
 series = {IWMM '95},
 year = {1995},
 isbn = {3-540-60368-9},
 pages = {283--296},
 numpages = {14},
 url = {http://dl.acm.org/citation.cfm?id=645647.664811},
 acmid = {664811},
 publisher = {Springer-Verlag},
 address = {London, UK, UK},
   keywords  = {RWCP Project}
}

@incollection {springerlink:10.1007/BFb0026569,
   author = {Konaka, Hiroki and Tomokiyo, Takashi and Maeda, Munenori and Ishikawa, Yutaka and Hori, Atsushi},
   affiliation = {Real World Computing Partnership 1-6-1 Takezono, Tsukuba-shi 305 Ibaraki Japan 1-6-1 Takezono, Tsukuba-shi 305 Ibaraki Japan},
   title = {A parallel object-oriented language OCore},
   booktitle = {Theory and Practice of Parallel Programming},
   series = {Lecture Notes in Computer Science},
   editor = {Ito, Takayasu and Yonezawa, Akinori},
   publisher = {Springer Berlin / Heidelberg},
   isbn = {978-3-540-59172-6},
   pages = {167-186},
   volume = {907},
   url = {http://dx.doi.org/10.1007/BFb0026569},
   note = {10.1007/BFb0026569},
   year = {1995},
   keywords  = {RWCP Project}
}

@incollection {springerlink:10.1007/BFb0020497,
   author = {Atsushi Hori and Yutaka Ishikawa and J{\"o}rg Nolte and Hiroki Konaka and Munenori Maeda and Takashi Tomokiyo},
   affiliation = {Real World Computing Partnership Tsukuba Research Center Tsukuba Mitsui Building 16Fs, 1-6-1 Takezono Tsukuba-shi 305 Ibaraki Japan Tsukuba Mitsui Building 16Fs, 1-6-1 Takezono Tsukuba-shi 305 Ibaraki Japan},
   title = {Time space sharing scheduling: A simulation analysis},
   booktitle = {EURO-PAR '95 Parallel Processing},
   series = {Lecture Notes in Computer Science},
   editor = {Haridi, Seif and Ali, Khayri and Magnusson, Peter},
   publisher = {Springer Berlin / Heidelberg},
   isbn = {978-3-540-60247-7},
   pages = {623-634},
   volume = {966},
   url = {http://dx.doi.org/10.1007/BFb0020497},
   note = {10.1007/BFb0020497},
   year = {1995},
   keywords  = {RWCP Project}
}

@inproceedings{harad-2000,
author = {Hiroshi Harada and Yutaka Ishikawa and Atsushi Hori and Hiroshi Tezuka and Shinji Sumimoto and Toshiyuki Takahashi},
title = "{Dynamic Home Node Reallocation on Software Distributed Shared Memory}",
booktitle = "HPC Asia 2000",
month = "May",
year = " 2000",
   keywords  = {RWCP Project}
}

@article{Ishikawa:1996:MAP:240732.240738,
 author = {Ishikawa, Yutaka},
 title = {MPC++ approach to parallel computing environment},
 journal = {SIGAPP Appl. Comput. Rev.},
 issue_date = {Spring 1996},
 volume = {4},
 number = {1},
 month = apr,
 year = {1996},
 issn = {1559-6915},
 pages = {15--18},
 numpages = {4},
 url = {http://doi.acm.org/10.1145/240732.240738},
 doi = {10.1145/240732.240738},
 acmid = {240738},
 publisher = {ACM},
 address = {New York, NY, USA},
   keywords  = {RWCP Project}
}

@inproceedings{ hori-pdpta-1998,
author = "Atsushi Hori and Hiroshi Tezuka and Francis O'Carroll and Yutaka Ishikawa",
title = "{Gang Scheduling vs. Coscheduling: A Comparison with Data-Parallel Workload}",
booktitle = "Proceedings of the International Conference on Parallel and Distributed Processing Techniques and Applications",
volume = "II",
pages = "1050-1057",
year = "1998",
   keywords  = {RWCP Project}
}

@inproceedings{DBLP:conf/fgcs/YashiroFCMHW92,
  author    = {Hiroshi Yashiro and
               Tetsuro Fujise and
               Takashi Chikayama and
               Masahiro Matsuo and
               Atsushi Hori and
               Kumiko Wada},
  title     = {Resource Management Mechanism of PIMOS},
  booktitle = {FGCS},
  year      = {1992},
  pages     = {269-277},
  bibsource = {DBLP, http://dblp.uni-trier.de},
   keywords  = {ICOT Project}
}
